<?xml version="1.0" encoding="UTF-8" ?>
<collection xmlns:xsi="http://www.w3.org/2001/XMLSchema-instance"
    xsi:schemaLocation="http://www.loc.gov/MARC21/slim
        http://www.loc.gov/standards/marcxml/schema/MARC21slim.xsd"
    xmlns="http://www.loc.gov/MARC21/slim">
<record>
  <leader>00272cam a2200529 i 4500</leader>
  <controlfield tag="001">b12689749</controlfield>
  <controlfield tag="003">LeBAU</controlfield>
  <controlfield tag="005">20171004</controlfield>
  <controlfield tag="008">970930s1947    ua       b    ||1 0 ara d</controlfield>
  <datafield tag="035" ind1=" " ind2=" ">
    <subfield code="a">ocn784463485</subfield>
  </datafield>
  <datafield tag="040" ind1=" " ind2=" ">
    <subfield code="a">LEAUB</subfield>
    <subfield code="b">ara</subfield>
    <subfield code="e">rda</subfield>
    <subfield code="c">LEAUB</subfield>
    <subfield code="d">LEAUB</subfield>
  </datafield>
  <datafield tag="082" ind1="0" ind2="4">
    <subfield code="a">924.9</subfield>
    <subfield code="2">20</subfield>
  </datafield>
  <datafield tag="100" ind1="1" ind2=" ">
    <subfield code="6">880-01</subfield>
    <subfield code="a">ʻAqīqī, Najīb,</subfield>
    <subfield code="e">author.</subfield>
  </datafield>
  <datafield tag="245" ind1="1" ind2="0">
    <subfield code="6">880-02</subfield>
    <subfield code="a">baḥth ʻan al-istishrāq ladá jamīʻ al-umam mundhu fajrihi min alf ʻām ilá al-yawm</subfield>
    <subfield code="b">baḥth ʻan al-istishrāq ladá jamīʻ al-umam mundhu fajrihi min alf ʻām ilá al-yawm /</subfield>
    <subfield code="c">Najīb al-ʻAqīqī.</subfield>
  </datafield>
  <datafield tag="246" ind1=" " ind2="0">
    <subfield code="6">880-03</subfield>
    <subfield code="a">بحث عن الإستشراق لدى جميع الأمم منذ فجره من ألف عام إلى اليوم.</subfield>
  </datafield>
  <datafield tag="250" ind1=" " ind2=" ">
    <subfield code="6">880-04</subfield>
    <subfield code="a">Ṭab‘ah thānīyah mazīdah wa-munaqqaḥah.</subfield>
  </datafield>
  <datafield tag="264" ind1=" " ind2="1">
    <subfield code="6">880-05</subfield>
    <subfield code="a">Miṣr :</subfield>
    <subfield code="b">Dār al-Maʻārif,</subfield>
    <subfield code="c">1947.</subfield>
  </datafield>
  <datafield tag="300" ind1=" " ind2=" ">
    <subfield code="6">880-06</subfield>
    <subfield code="a">240 pages ;</subfield>
    <subfield code="c">24 cm</subfield>
  </datafield>
  <datafield tag="336" ind1=" " ind2=" ">
    <subfield code="a">text</subfield>
    <subfield code="b">txt</subfield>
    <subfield code="2">rdacontent</subfield>
  </datafield>
  <datafield tag="337" ind1=" " ind2=" ">
    <subfield code="a">unmediated</subfield>
    <subfield code="b">n</subfield>
    <subfield code="2">rdamedia</subfield>
  </datafield>
  <datafield tag="338" ind1=" " ind2=" ">
    <subfield code="a">volume</subfield>
    <subfield code="b">nc</subfield>
    <subfield code="2">rdacarrier</subfield>
  </datafield>
  <datafield tag="504" ind1=" " ind2=" ">
    <subfield code="a">يتضمن مراجع ببليوغرافية وكشافات.</subfield>
  </datafield>
  <datafield tag="650" ind1=" " ind2="4">
    <subfield code="a">المستشرقون</subfield>
    <subfield code="v">بيوببليوغرافيا.</subfield>
  </datafield>
  <datafield tag="650" ind1=" " ind2="4">
    <subfield code="a">فقه اللغة الشرقية.</subfield>
  </datafield>
  <datafield tag="650" ind1=" " ind2="4">
    <subfield code="a">فقهاء اللغة.</subfield>
  </datafield>
  <datafield tag="650" ind1=" " ind2="0">
    <subfield code="a">Orientalists</subfield>
    <subfield code="v">Bio-bibliography.</subfield>
  </datafield>
  <datafield tag="650" ind1=" " ind2="0">
    <subfield code="a">Oriental philology.</subfield>
  </datafield>
  <datafield tag="650" ind1=" " ind2="0">
    <subfield code="a">Philologists.</subfield>
  </datafield>
  <datafield tag="775" ind1="0" ind2=" ">
    <subfield code="6">880-07/(B</subfield>
    <subfield code="i">has designation of a named revision of an edition</subfield>
    <subfield code="4">http://rdaregistry.info/Elements/m/P30132:</subfield>
    <subfield code="t">al-Mustashriqūn : mawsū‘ah fī turāth al-‘Arab, ma‘a tarājim al-mustashriqīn wa-dirāsātihim ‘anhu, mundhu alf ‘ām ḥattá al-yawm.</subfield>
    <subfield code="b">Ṭab‘ah thālīthah mazīdah wa-munaqqaḥah</subfield>
    <subfield code="d">al-Qāhirah : Dār al-Ma‘ārif, 1980-1981</subfield>
    <subfield code="w">(OCoLC)784511873</subfield>
    <subfield code="w">(OCoLC)784463486</subfield>
  </datafield>
  <datafield tag="775" ind1="0" ind2=" ">
    <subfield code="6">880-08/(B</subfield>
    <subfield code="i">has designation of edition</subfield>
    <subfield code="4">http://rdaregistry.info/Elements/m/P30133</subfield>
    <subfield code="t">al-Mustashriqūn</subfield>
    <subfield code="b">طبعة رابعة موسعة</subfield>
    <subfield code="d">Bayrūt : [publisher not identified], 1937</subfield>
    <subfield code="w">(OCoLC)784463484</subfield>
    <subfield code="w">(OCoLC)784511873</subfield>
  </datafield>
  <datafield tag="775" ind1="0" ind2=" ">
    <subfield code="6">880-09/(B</subfield>
    <subfield code="i">دلالة على الطبعة</subfield>
    <subfield code="4">http://rdaregistry.info/Elements/m/P30133:</subfield>
    <subfield code="t">المستشرقون</subfield>
    <subfield code="d">بيروت : [الناشر غير محدد]، 1937</subfield>
    <subfield code="w">b12689737</subfield>
    <subfield code="w">(OCoLC)784463484</subfield>
  </datafield>
  <datafield tag="852" ind1=" " ind2=" ">
    <subfield code="a">Jafet Library</subfield>
    <subfield code="e">American University of Beirut, Bliss Street , Beirut, Lebanon.</subfield>
  </datafield>
  <datafield tag="852" ind1=" " ind2=" ">
    <subfield code="a">Jafet Archives and Special Collections</subfield>
    <subfield code="e">American University of Beirut, Bliss Street, Beirut, ‎Lebanon.‎</subfield>
  </datafield>
  <datafield tag="880" ind1="1" ind2=" ">
    <subfield code="6">100-01/(3/r</subfield>
    <subfield code="a">العقيقي، نجيب،</subfield>
    <subfield code="e">مؤلف. </subfield>
    <subfield code="4">aut.</subfield>
  </datafield>
  <datafield tag="880" ind1="1" ind2="3">
    <subfield code="6">245-02/(3/r</subfield>
    <subfield code="a">المستشرقون :</subfield>
    <subfield code="b">بحث عن الإستشراق لدى جميع الأمم منذ فجره من ألف عام إلى اليوم /</subfield>
    <subfield code="c">نجيب العقيقي.</subfield>
  </datafield>
  <datafield tag="880" ind1="0" ind2=" ">
    <subfield code="6">775-07/(3/r</subfield>
    <subfield code="i">دلالة على طبعة منقحة</subfield>
    <subfield code="4">http://rdaregistry.info/Elements/m/P30132:</subfield>
    <subfield code="t">المستشرقون : موسوعة في تراث العرب، مع تراجم المستشرقين ودراساتهم عنه، منذ ألف عام حتى اليوم.</subfield>
    <subfield code="b">طبعة ثالثة مزيدة ومنقحة</subfield>
    <subfield code="d">القاهرة : دار المعارف، 1964-1965</subfield>
    <subfield code="w">b12689750</subfield>
    <subfield code="w">(OCoLC)784463486</subfield>
  </datafield>
  <datafield tag="880" ind1="1" ind2="3">
    <subfield code="6">245-03/(3/r</subfield>
    <subfield code="a">al-Mustashriqūn :</subfield>
  </datafield>
  <datafield tag="880" ind1=" " ind2=" ">
    <subfield code="6">250-04/(3/r</subfield>
    <subfield code="a">طبعة ثانية مزيدة ومنقحة</subfield>
  </datafield>
  <datafield tag="880" ind1=" " ind2="1">
    <subfield code="6">264-05/(3/r</subfield>
    <subfield code="a">مصر :</subfield>
    <subfield code="b">دار المعارف،</subfield>
    <subfield code="c">1947.</subfield>
  </datafield>
  <datafield tag="880" ind1=" " ind2=" ">
    <subfield code="6">300-06/(3/r</subfield>
    <subfield code="a">240 صفحة ؛</subfield>
    <subfield code="c">24 سم</subfield>
  </datafield>
  <datafield tag="880" ind1="0" ind2=" ">
    <subfield code="6">775-08/(3/r</subfield>
    <subfield code="i">has designation of a named revision of an edition</subfield>
    <subfield code="4">http://rdaregistry.info/Elements/m/P30132:</subfield>
    <subfield code="t">al-Mustashriqūn : mawsū‘ah fī turāth al-‘Arab, ma‘a tarājim al-mustashriqīn wa-dirāsātihim ‘anhu, mundhu alf ‘ām ḥattá al-yawm.</subfield>
    <subfield code="b">Ṭab‘ah thālīthah mazīdah wa-munaqqaḥah</subfield>
    <subfield code="d">al-Qāhirah : Dār al-Ma‘ārif, 1964-1965</subfield>
    <subfield code="w">b12781046</subfield>
    <subfield code="w">(OCoLC)784511873</subfield>
  </datafield>
  <datafield tag="880" ind1="0" ind2=" ">
    <subfield code="6">775-09/(3/r</subfield>
    <subfield code="i">دلالة على طبعة منقحة</subfield>
    <subfield code="4">http://rdaregistry.info/Elements/m/P30132:</subfield>
    <subfield code="t">المستشرقون : موسوعة في تراث العرب، مع تراجم المستشرقين ودراساتهم عنه، منذ ألف عام حتى اليوم.</subfield>
    <subfield code="d">القاهرة : دار المعارف، 1980-1981</subfield>
    <subfield code="w">b12689737</subfield>
    <subfield code="w">(OCoLC)784463484</subfield>
  </datafield>
  <datafield tag="907" ind1=" " ind2=" ">
    <subfield code="a">.b12689749</subfield>
    <subfield code="b">17-10-17</subfield>
    <subfield code="c">11-05-24</subfield>
  </datafield>
  <datafield tag="907" ind1=" " ind2=" ">
    <subfield code="a">.b12689749</subfield>
    <subfield code="b">15-10-15</subfield>
    <subfield code="c">11-05-24</subfield>
  </datafield>
  <datafield tag="945" ind1=" " ind2=" ">
    <subfield code="f">CA</subfield>
    <subfield code="a">924.9:A31m2A:c.1</subfield>
    <subfield code="i">00479121</subfield>
    <subfield code="j">.i19556445</subfield>
    <subfield code="l">u0304</subfield>
  </datafield>
  <datafield tag="945" ind1=" " ind2=" ">
    <subfield code="f">J</subfield>
    <subfield code="a">924.9:A31m2A:c.1</subfield>
    <subfield code="i">01054203</subfield>
    <subfield code="j">.i13235436</subfield>
    <subfield code="l">u0503</subfield>
  </datafield>
  <datafield tag="998" ind1=" " ind2=" ">
    <subfield code="a">u03</subfield>
    <subfield code="a">u05</subfield>
    <subfield code="b">97-09-30</subfield>
    <subfield code="c">m</subfield>
    <subfield code="d">a</subfield>
    <subfield code="e">-</subfield>
    <subfield code="f">ara</subfield>
    <subfield code="g">ua </subfield>
    <subfield code="h">0</subfield>
    <subfield code="i">2</subfield>
  </datafield>
</record>
</collection>
